@inproceedings{ronneberger2015u,
  title={U-net: Convolutional networks for biomedical image segmentation},
  author={Ronneberger, Olaf and Fischer, Philipp and Brox, Thomas},
  booktitle={Medical Image Computing and Computer-Assisted Intervention--MICCAI 2015: 18th International Conference, Munich, Germany, October 5-9, 2015, Proceedings, Part III 18},
  pages={234--241},
  year={2015},
  organization={Springer}
}

@article{al2020dataset,
  title={Dataset of breast ultrasound images},
  author={Al-Dhabyani, Walid and Gomaa, Mohammed and Khaled, Hussien and Fahmy, Aly},
  journal={Data in brief},
  volume={28},
  pages={104863},
  year={2020},
  publisher={Elsevier}
}

@article{Cheng2017,
author = "Jun Cheng",
title = "{brain tumor dataset}",
year = "2017",
month = "4",
url = "https://figshare.com/articles/dataset/brain_tumor_dataset/1512427",
doi = "10.6084/m9.figshare.1512427.v5"
}

@inproceedings{hatamizadeh2022unetr,
  title={Unetr: Transformers for 3d medical image segmentation},
  author={Hatamizadeh, Ali and Tang, Yucheng and Nath, Vishwesh and Yang, Dong and Myronenko, Andriy and Landman, Bennett and Roth, Holger R and Xu, Daguang},
  booktitle={Proceedings of the IEEE/CVF winter conference on applications of computer vision},
  pages={574--584},
  year={2022}
}

@inproceedings{he2022masked,
  title={Masked autoencoders are scalable vision learners},
  author={He, Kaiming and Chen, Xinlei and Xie, Saining and Li, Yanghao and Doll{\'a}r, Piotr and Girshick, Ross},
  booktitle={Proceedings of the IEEE/CVF conference on computer vision and pattern recognition},
  pages={16000--16009},
  year={2022}
}

@article{GhaffarNia2023EvaluationOA,
  title={Evaluation of artificial intelligence techniques in disease diagnosis and prediction},
  author={Nafiseh Ghaffar Nia and Erkan Kaplanoglu and Ahad Nasab},
  journal={Discover Artificial Intelligence},
  year={2023},
  volume={3},
  url={https://api.semanticscholar.org/CorpusID:256362616}
}

@article{kumar_artificial_2023,
	title = {Artificial intelligence in disease diagnosis: a systematic literature review, synthesizing framework and future research agenda},
	volume = {14},
	issn = {1868-5145},
	url = {https://doi.org/10.1007/s12652-021-03612-z},
	doi = {10.1007/s12652-021-03612-z},
	number = {7},
	journal = {Journal of Ambient Intelligence and Humanized Computing},
	author = {Kumar, Yogesh and Koul, Apeksha and Singla, Ruchi and Ijaz, Muhammad Fazal},
	month = jul,
	year = {2023},
	pages = {8459--8486},
}

@article{hosny_artificial_2018,
	title = {Artificial intelligence in radiology},
	volume = {18},
	issn = {1474-1768},
	url = {https://doi.org/10.1038/s41568-018-0016-5},
	doi = {10.1038/s41568-018-0016-5},
	number = {8},
	journal = {Nature Reviews Cancer},
	author = {Hosny, Ahmed and Parmar, Chintan and Quackenbush, John and Schwartz, Lawrence H. and Aerts, Hugo J. W. L.},
	month = aug,
	year = {2018},
	pages = {500--510},
}

@misc{plested2022deep,
      title={Deep transfer learning for image classification: a survey}, 
      author={Jo Plested and Tom Gedeon},
      year={2022},
      eprint={2205.09904},
      archivePrefix={arXiv},
      primaryClass={cs.CV}
}


@article{alowais_revolutionizing_2023,
	title = {Revolutionizing healthcare: the role of artificial intelligence in clinical practice},
	volume = {23},
	issn = {1472-6920},
	url = {https://doi.org/10.1186/s12909-023-04698-z},
	doi = {10.1186/s12909-023-04698-z},
	number = {1},
	journal = {BMC Medical Education},
	author = {Alowais, Shuroug A. and Alghamdi, Sahar S. and Alsuhebany, Nada and Alqahtani, Tariq and Alshaya, Abdulrahman I. and Almohareb, Sumaya N. and Aldairem, Atheer and Alrashed, Mohammed and Bin Saleh, Khalid and Badreldin, Hisham A. and Al Yami, Majed S. and Al Harbi, Shmeylan and Albekairy, Abdulkareem M.},
	month = sep,
	year = {2023},
	pages = {689},
}

@article{waldstein2020unbiased,
  title={Unbiased identification of novel subclinical imaging biomarkers using unsupervised deep learning},
  author={Waldstein, Sebastian M and Seeb{\"o}ck, Philipp and Donner, Ren{\'e} and Sadeghipour, Amir and Bogunovi{\'c}, Hrvoje and Osborne, Aaron and Schmidt-Erfurth, Ursula},
  journal={Scientific reports},
  volume={10},
  number={1},
  pages={12954},
  year={2020},
  publisher={Nature Publishing Group UK London}
}

@Article{bioengineering9090467,
AUTHOR = {Popescu, Dan and Stanciulescu, Andrei and Pomohaci, Mihai Dan and Ichim, Loretta},
TITLE = {Decision Support System for Liver Lesion Segmentation Based on Advanced Convolutional Neural Network Architectures},
JOURNAL = {Bioengineering},
VOLUME = {9},
YEAR = {2022},
NUMBER = {9},
ARTICLE-NUMBER = {467},
URL = {https://www.mdpi.com/2306-5354/9/9/467},
PubMedID = {36135013},
ISSN = {2306-5354},
DOI = {10.3390/bioengineering9090467}
}

@Article{bioengineering9090475,
AUTHOR = {Altini, Nicola and Brunetti, Antonio and Puro, Emilia and Taccogna, Maria Giovanna and Saponaro, Concetta and Zito, Francesco Alfredo and De Summa, Simona and Bevilacqua, Vitoantonio},
TITLE = {NDG-CAM: Nuclei Detection in Histopathology Images with Semantic Segmentation Networks and Grad-CAM},
JOURNAL = {Bioengineering},
VOLUME = {9},
YEAR = {2022},
NUMBER = {9},
ARTICLE-NUMBER = {475},
URL = {https://www.mdpi.com/2306-5354/9/9/475},
PubMedID = {36135021},
ISSN = {2306-5354},
DOI = {10.3390/bioengineering9090475}
}

@ARTICLE{9066969,
  author={Sinha, Ashish and Dolz, Jose},
  journal={IEEE Journal of Biomedical and Health Informatics}, 
  title={Multi-Scale Self-Guided Attention for Medical Image Segmentation}, 
  year={2021},
  volume={25},
  number={1},
  pages={121-130},
  keywords={Image segmentation;Semantics;Feature extraction;Task analysis;Medical diagnostic imaging;Standards;Convolutional neural networks;deep learning;medical image segmentation;deep attention;self-attention},
  doi={10.1109/JBHI.2020.2986926}
}

@article{VANDESANDE2021111,
title = {Artificial intelligence based treatment planning of radiotherapy for locally advanced breast cancer},
journal = {Physics and Imaging in Radiation Oncology},
volume = {20},
pages = {111-116},
year = {2021},
issn = {2405-6316},
doi = {https://doi.org/10.1016/j.phro.2021.11.007},
url = {https://www.sciencedirect.com/science/article/pii/S2405631621000713},
author = {Dennis {van de Sande} and Marjan Sharabiani and Hanneke Bluemink and Esther Kneepkens and Nienke Bakx and Els Hagelaar and Maurice {van der Sangen} and Jacqueline Theuws and Coen Hurkmans},
keywords = {Locally advanced breast cancer, Convolutional neural networks, Dose prediction, Dose mimicking, Machine learning}
}

@article {PMID:25863519,
	Title = {WM-DOVA maps for accurate polyp highlighting in colonoscopy: Validation vs. saliency maps from physicians},
	Author = {Bernal, Jorge and Sánchez, F Javier and Fernández-Esparrach, Gloria and Gil, Debora and Rodríguez, Cristina and Vilariño, Fernando},
	DOI = {10.1016/j.compmedimag.2015.02.007},
	Volume = {43},
	Month = {July},
	Year = {2015},
	Journal = {Computerized medical imaging and graphics : the official journal of the Computerized Medical Imaging Society},
	ISSN = {0895-6111},
	Pages = {99—111},
	URL = {https://doi.org/10.1016/j.compmedimag.2015.02.007},
}

@inproceedings{landman2015miccai,
  title={Miccai multi-atlas labeling beyond the cranial vault--workshop and challenge},
  author={Landman, Bennett and Xu, Zhoubing and Igelsias, J and Styner, Martin and Langerak, T and Klein, Arno},
  booktitle={Proc. MICCAI Multi-Atlas Labeling Beyond Cranial Vault—Workshop Challenge},
  volume={5},
  pages={12},
  year={2015}
}

@article{oktay2018attention,
  title={Attention u-net: Learning where to look for the pancreas},
  author={Oktay, Ozan and Schlemper, Jo and Folgoc, Loic Le and Lee, Matthew and Heinrich, Mattias and Misawa, Kazunari and Mori, Kensaku and McDonagh, Steven and Hammerla, Nils Y and Kainz, Bernhard and others},
  journal={arXiv preprint arXiv:1804.03999},
  year={2018}
}

@inproceedings{zhou2018unet++,
  title={Unet++: A nested u-net architecture for medical image segmentation},
  author={Zhou, Zongwei and Rahman Siddiquee, Md Mahfuzur and Tajbakhsh, Nima and Liang, Jianming},
  booktitle={Deep Learning in Medical Image Analysis and Multimodal Learning for Clinical Decision Support: 4th International Workshop, DLMIA 2018, and 8th International Workshop, ML-CDS 2018, Held in Conjunction with MICCAI 2018, Granada, Spain, September 20, 2018, Proceedings 4},
  pages={3--11},
  year={2018},
  organization={Springer}
}

@article{cai2020dense,
  title={Dense-UNet: a novel multiphoton in vivo cellular image segmentation model based on a convolutional neural network},
  author={Cai, Sijing and Tian, Yunxian and Lui, Harvey and Zeng, Haishan and Wu, Yi and Chen, Guannan},
  journal={Quantitative imaging in medicine and surgery},
  volume={10},
  number={6},
  pages={1275},
  year={2020},
  publisher={AME Publications}
}

@article{kirillov2023segment,
  title={Segment anything},
  author={Kirillov, Alexander and Mintun, Eric and Ravi, Nikhila and Mao, Hanzi and Rolland, Chloe and Gustafson, Laura and Xiao, Tete and Whitehead, Spencer and Berg, Alexander C and Lo, Wan-Yen and others},
  journal={arXiv preprint arXiv:2304.02643},
  year={2023}
}

@article{badrinarayanan2017segnet,
  title={Segnet: A deep convolutional encoder-decoder architecture for image segmentation},
  author={Badrinarayanan, Vijay and Kendall, Alex and Cipolla, Roberto},
  journal={IEEE transactions on pattern analysis and machine intelligence},
  volume={39},
  number={12},
  pages={2481--2495},
  year={2017},
  publisher={IEEE}
}

@inproceedings{chen2018encoder,
  title={Encoder-decoder with atrous separable convolution for semantic image segmentation},
  author={Chen, Liang-Chieh and Zhu, Yukun and Papandreou, George and Schroff, Florian and Adam, Hartwig},
  booktitle={Proceedings of the European conference on computer vision (ECCV)},
  pages={801--818},
  year={2018}
}

@InProceedings{He_2022_CVPR,
    author    = {He, Mingjie and Zhang, Jie and Shan, Shiguang and Chen, Xilin},
    title     = {Enhancing Face Recognition With Self-Supervised 3D Reconstruction},
    booktitle = {Proceedings of the IEEE/CVF Conference on Computer Vision and Pattern Recognition (CVPR)},
    month     = {June},
    year      = {2022},
    pages     = {4062-4071}
}